@bachelorsthesis{book:pracaKubika,
    author = {{Marcin Kubik}},
    title = {Rozproszony monitoring system√≥w komputerowych},
    school = {Politechnika Warszawska},
    year = {2014}
}