@book{bk:ipki,
	title = {In≈ºynieria programowania kart inteligentnych},
	year = {2005},
	author = {Piotr Nazimek},
	address = {Warszawa},
}

% ex: set tabstop=4 shiftwidth=4 softtabstop=4 noexpandtab fileformat=unix filetype=bib spelllang=pl,en spell:
