@misc{www:IcingaCern,
    author = {C. Haen, E. Bonaccorsi, N. Neufeld},
    title = {DISTRIBUTED MONITORING SYSTEM BASED ON {Icinga}},
    year = {2011},
    howpublished = "\url http://accelconf.web.cern.ch/accelconf/icalepcs2011/papers/wepmu035.pdf"
}

@misc{www:RRDtool,
    title = {{RRDtool} Documentation},
    year = {2012},
    howpublished = "\url http://oss.oetiker.ch/rrdtool/doc/index.en.html"
}

@misc{www:GPLv2,
    title = {{GNU} {General Public License} VERSION 2},
    year = {1991},
    howpublished = "\url http://www.gnu.org/licenses/old-licenses/gpl-2.0.html"
}

@misc{www:SNMP,
    title = {{SNMP Technical Articles} - overview},
    howpublished = "\url http://www.snmplink.org/articles/overview/"
}

@misc{www:Cacti,
    title = {Cacti project homepage},
    howpublished = "\url http://www.cacti.net/"
}

@misc{www:Nagios,
    title = {Nagios project homepage},
    howpublished = "\url http://www.nagios.org/"
}

@misc{www:CGI,
    title = {{CGI: Common Gateway Interface}},
    howpublished = "\url http://www.w3.org/CGI/"
}

@misc{www:NagiosPluginsTutorial,
    title = {{Nagios Plugin Development Guidelines}},
    howpublished = "\url https://nagios-plugins.org/doc/guidelines.html"
}

@misc{www:Agavi,
    title = {{Agavi documentation}},
    howpublished = "\url http://www.agavi.org/documentation/tutorial"
}